@book{avishek2017timeseries,
  title={Practical Time Series Analysis},
  author={Dr. Avishek Pal and Dr. PKS Prakash},
  year={2017},
  publisher={Packt Publishing Ltd.}
}

@book{hauck2014scikit,
  title={scikit-learn Cookbook},
  author={Hauck, Trent},
  year={2014},
  publisher={Packt Publishing Ltd}
}

@inproceedings{larraondo2017automating,
  title={Automating weather forecasts based on convolutional networks},
  author={Larraondo, Pablo Rozas and Inza, Inaki and Lozano, Jose A},
  booktitle={Proceedings of ICML Workshop on Deep Structured Predictions},
  year={2017}
}

@book{muller2016introduction,
  title={Introduction to machine learning with Python: a guide for data scientists},
  author={M{\"u}ller, Andreas C and Guido, Sarah and others},
  year={2016},
  publisher={" O'Reilly Media, Inc."}
}

@article{matich2001redes,
  title={Redes Neuronales: Conceptos b{\'a}sicos y aplicaciones},
  author={Matich, Dami{\'a}n Jorge},
  year={2001}
}

@misc{andreas,
    author = "{Andreas Mueller}",
    title = "{Andreas C. Muller - Machine Learning Scientist}",
    url  = "http://amueller.github.io/"
}

@misc{andreasBlog,
    author = "{Andreas Mueller}",
    title = "{Machine Learning Cheat Sheet }(for scikit-learn)",
    url  = "http://peekaboo-vision.blogspot.com/2013/01/machine-learning-cheat-sheet-for-scikit.html"
}

@misc{huili,
    author = "{Dr. Hui Li}",
    title = "{Hui Li, Author} at {SAS Blogs}",
    url  = "https://blogs.sas.com/content/author/huili/"
}

@misc{huiliBlog,
    author = "{Dr. Hui Li}",
    title = "Which machine learning algorithm should {I} use? - {The SAS Data Science Blog}",
    url  = "https://blogs.sas.com/content/subconsciousmusings/2017/04/12/machine-learning-algorithm-use/"
}

@misc{johnpaul,
    author = "{John Paul Mueller}",
    title = "{John Paul Mueller - O'Reilly Media}",
    url  = "https://www.oreilly.com/pub/au/4115"
}

@misc{luca,
    author = "{Luca Massaron}",
    title = "{Luca Massaron - Scholar Google}",
    url  = "https://scholar.google.it/citations?user=0fD-fCIAAAAJ&hl=it&oi=ao"
}

@book{mueller2016machine,
  title={Machine learning for dummies},
  author={Mueller, John Paul and Massaron, Luca},
  year={2016},
  publisher={John Wiley \& Sons}
}

@misc{ortega,
    author = "{Gerardo Ortega}",
    title = "{Gerardo Ortega - ¿Qué es Machine Learning} y porqué éste es el mejor tiempo para comenzar a aprender del tema?",
    url  = "https://g3ortega.com/machine_learning/2016/06/10/que-es-machine-learning-y-porque-este-es-el-mejor-tiempo-para-comenzar-a-aprender-del-tema.html"
}

@book{raschka2015python,
  title={Python machine learning},
  author={Raschka, Sebastian},
  year={2015},
  publisher={Packt Publishing Ltd}
}

@misc{top8,
    author = "{Dan Clark}",
    title = "{Top 8 Python Machine Learning Libraries}",
    url  = "https://www.kdnuggets.com/2018/10/top-python-machine-learning-libraries.html"
}

@misc{wikiplanilla,
    author = "{Wikipedia}",
    title = "{Comparison of deep-learning software}",
    url  = "https://en.wikipedia.org/wiki/Comparison_of_deep-learning_software"
}
